@online{arduinowebsite,
    author = "Arduino.cl",
    title = "¿Qué es Arduino?",
    url  = "https://arduino.cl/que-es-arduino/",
    addendum = "(accessed: 20.02.2022)",
    keywords = "arduino,microcontrolador"
}

@online{serialsite,
    author = "Olga Weis",
    title = "Guía completa de especificaciones del puerto serie",
    url  = "https://www.virtual-serial-port.org/es/article/what-is-serial-port/",
    addendum = "(accessed: 20.02.2022)",
    keywords = "arduino,serial,comunicacion"
}

@online{sincrosite,
    author = "Equipo editorial de Indeed",
    title = "Diferencias entre comunicación sincrónica y asincrónica",
    url  = "https://mx.indeed.com/orientacion-profesional/desarrollo-profesional/diferencias-comunicacion-sincronica-asincronica",
    addendum = "(accessed: 20.02.2022)",
    keywords = "arduino,reloj,comunicacion,sincronica",
    month = "noviembre",
    year = "2021",
}

@online{relojsite,
    author = "injgonzalez",
    title = "El concepto de señal de reloj",
    url  = "https://sistemasdigitales2.files.wordpress.com/2011/11/semana3.pdf",
    addendum = "(accessed: 20.02.2022)",
    keywords = "arduino,reloj",
    year = "2011",

}

@online{74hc595datasheet,
    author = "NXP",
    title = "74HC595 Datasheet (PDF) - NXP Semiconductors",
    url  = "https://pdf1.alldatasheet.com/datasheet-pdf/view/546557/NXP/74HC595.html",
    addendum = "(accessed: 20.02.2022)",
    keywords = "74hc59"
}

@misc{augusto,
    author = {Augusto Salazar Jimenez and Jonathan Ferney Gomez Hurtado},
    title = "Desafio 1. Informa2 SAS",
    year = "2022"
}